@book{kit_werling,
	author = {Stefan Bruno Werling},
	organization = {Karlsruher Institut für Technologie},
	title = {Deflektometrie zur automatischen Sichtprüfung und Rekonstruktion spiegelnder Oberflächen},
	year = {2011},
	url = {https://publikationen.bibliothek.kit.edu/1000023290},
	isbn = {9783866446878},
	urldate = {2022-03-02},
}

@misc{aufbau,
    author = {Manh The Nguyen, Young-Sik Ghim, Hyug-Gyo Rhee},
    title = {Aufbau einer Deflektometrie-Prüfstation},
    url = {https://www.nature.com/articles/s41598-019-39514-6/figures/1},
    urldate = {2022-02-25},
}

@online{fraunhofer,
	author = {Michael Heizmann},
	organization = {Fraunhof\-er-Institut für Optronik},
	title = {Deflektometrie zur Inspektion spiegelnder Oberflächen},
	url = {https://www.vision.fraunhofer.de/de/technologien-anwendungen/technologien/oberflaecheninspektion/deflektometrie-spiegelnder-oberflaechen.html},
	urldate = {2022-03-01},
}

@book{deflektometrieScheiben,
    author = {Stephanie Aprojanz},
    year = {2018},
    organization = {Technische Universität Carolo-Wilhelmina zu Braunschweig},
    publisher = {Springer Wiesbaden},
    title = {Untersuchung zur Objektivierung der visuellen Beurteilung von Frontscheiben durch deflektometrische Messtechnik},
    isbn = {978-3-658-24369-2 },
	url = {https://link.springer.com/book/10.1007/978-3-658-24370-8},
	urldate = {2022-06-12}
}

@article{spiegelndeKarosserieImg,
	author = {Kurt Häusler},
	title = {Automatisierte Inspektion spiegelnder Oberflächen},
	journaltitle = {JOT Journal für Oberflächentechnik},
	year = {2018},
	url = {https://link.springer.com/article/10.1007/s35144-018-0319-z},
	urldate = {2022-06-20}
}

@article{waterAndShininess,
	author = {Richard G. Coss},
	title = {All that Glistens: Water Connotations in Surface Finishes},
	journal = {Ecological Psychology},
	publisher = {Routledge},
	year = {2010},
	URL = {https://doi.org/10.1207/s15326969eco0204_3},
	urldate = {2022-06-22}
}