@online{StatistaPKW,
	author = {Statista GmbH},
	title = {Pkw-Produktion in Deutschland bis 2021 },
	year = {2022},
	url = {https://de.statista.com/statistik/daten/studie/75210/umfrage/produktion-von-pkw-in-deutschland-seit-1990/},
	urldate = {2022-04-04},
}
